@article{greenwell-2020-vip,
  author = {Brandon M. Greenwell and Bradley C. Boehmke},
  title = {{Variable Importance Plotsâ€”An Introduction to the vip Package}},
  year = {2020},
  journal = {{The R Journal}},
  doi = {10.32614/RJ-2020-013},
  url = {https://doi.org/10.32614/RJ-2020-013},
  pages = {343--366},
  volume = {12},
  number = {1}
}